<record><leader>00000cas a22000007a 4500</leader><controlfield tag="001">32501818</controlfield><controlfield tag="008">950518d19031924vauwr ne      0    0eng d</controlfield><datafield ind1=" " ind2=" " tag="010"><subfield code="a">sn 95079147 </subfield></datafield><datafield ind1=" " ind2=" " tag="040"><subfield code="a">NVK</subfield><subfield code="b">eng</subfield><subfield code="c">NVK</subfield><subfield code="d">OCLCQ</subfield><subfield code="d">NVK</subfield><subfield code="d">OCLCF</subfield><subfield code="d">OCLCO</subfield><subfield code="d">NVK</subfield></datafield><datafield ind1=" " ind2=" " tag="042"><subfield code="a">msc</subfield></datafield><datafield ind1=" " ind2=" " tag="043"><subfield code="a">n-us-va</subfield></datafield><datafield ind1="0" ind2="4" tag="245"><subfield code="a">The Amherst progess.</subfield></datafield><datafield ind1=" " ind2=" " tag="260"><subfield code="a">Amherst, Va. :</subfield><subfield code="b">F.J. Harris</subfield></datafield><datafield ind1=" " ind2=" " tag="300"><subfield code="a">v.</subfield></datafield><datafield ind1=" " ind2=" " tag="310"><subfield code="a">Weekly</subfield></datafield><datafield ind1="1" ind2=" " tag="362"><subfield code="a">Began in 1903; ceased in 1924.</subfield><subfield code="z">Cf. Cappon, L.J. Va. Newspapers.</subfield></datafield><datafield ind1=" " ind2=" " tag="530"><subfield code="a">Also available online.</subfield></datafield><datafield ind1=" " ind2=" " tag="588"><subfield code="a">Description based on: Vol. 1, no. 10 (Feb. 17, 1904).</subfield></datafield><datafield ind1=" " ind2="0" tag="651"><subfield code="a">Amherst (Va.)</subfield><subfield code="v">Newspapers.</subfield></datafield><datafield ind1=" " ind2="7" tag="651"><subfield code="a">Virginia</subfield><subfield code="z">Amherst.</subfield><subfield code="2">fast</subfield><subfield code="0">(OCoLC)fst01239367</subfield></datafield><datafield ind1=" " ind2="7" tag="655"><subfield code="a">Newspapers.</subfield><subfield code="2">fast</subfield><subfield code="0">(OCoLC)fst01423814</subfield></datafield><datafield ind1=" " ind2=" " tag="752"><subfield code="a">United States</subfield><subfield code="b">Virginia</subfield><subfield code="c">Amherst</subfield><subfield code="d">Amherst.</subfield></datafield><datafield ind1="0" ind2="7" tag="785"><subfield code="t">Amherst new era</subfield><subfield code="w">(DLC)sn 95079143</subfield></datafield><datafield ind1="0" ind2="7" tag="785"><subfield code="t">Amherst new era-progress</subfield><subfield code="w">(DLC)sn 94060146</subfield></datafield><datafield ind1="4" ind2="1" tag="856"><subfield code="u">http://www.virginiachronicle.com/</subfield></datafield><datafield ind1="1" ind2=" " tag="029"><subfield code="a">AU@</subfield><subfield code="b">000011738127</subfield></datafield></record>